<record><leader>00000cas a22000007a 4500</leader><controlfield tag="001">26716034</controlfield><controlfield tag="008">921002d19051950nyuwr ne      0    0eng d</controlfield><datafield ind1=" " ind2=" " tag="010"><subfield code="a">sn 92062126 </subfield></datafield><datafield ind1=" " ind2=" " tag="040"><subfield code="a">NYS</subfield><subfield code="b">eng</subfield><subfield code="c">NYS</subfield><subfield code="d">OCLCQ</subfield></datafield><datafield ind1=" " ind2=" " tag="042"><subfield code="a">msc</subfield></datafield><datafield ind1="0" ind2=" " tag="130"><subfield code="a">Cherry Creek news (Cherry Creek, N.Y. : 1905)</subfield></datafield><datafield ind1="1" ind2="0" tag="245"><subfield code="a">Cherry Creek news.</subfield></datafield><datafield ind1=" " ind2=" " tag="260"><subfield code="a">Cherry Creek, N.Y. :</subfield><subfield code="b">H.C. Hill</subfield></datafield><datafield ind1=" " ind2=" " tag="300"><subfield code="a">v.</subfield></datafield><datafield ind1=" " ind2=" " tag="310"><subfield code="a">Weekly</subfield></datafield><datafield ind1="0" ind2=" " tag="362"><subfield code="a">Vol. 26, no. 6 (Oct. 13, 1905)-Oct. 26, 1950.</subfield></datafield><datafield ind1=" " ind2=" " tag="500"><subfield code="a">Publishers: H.C. Hill, 1905- ; F.J. Brettle, &lt;1918&gt;-1923; R.R. &amp; E.E. Thorngate, 1924- ; Cherry Creek News, &lt;1927&gt;; C.S. Smith, &lt;1932-1946&gt;; Francis Dexter, &lt;1947&gt;-1950.</subfield></datafield><datafield ind1=" " ind2="4" tag="651"><subfield code="a">Cherry Creek (N.Y.)</subfield><subfield code="v">Newspapers.</subfield></datafield><datafield ind1=" " ind2=" " tag="752"><subfield code="a">United States</subfield><subfield code="b">New York</subfield><subfield code="c">Chautauqua</subfield><subfield code="d">Cherry Creek.</subfield></datafield><datafield ind1="0" ind2="0" tag="780"><subfield code="t">Weekly news (Cherry Creek, N.Y.)</subfield><subfield code="w">(DLC)sn 92062125</subfield><subfield code="w">(OCoLC)26715807</subfield></datafield></record>